@article{brazilANN,
Author = {Wei Fan and Zegeye Gurmu},
Title = {Dynamic Travel Time Prediction Models for Buses Using Only GPS Data},
Journal = {International Journal of Transportation Science and Technology},
Year = {2015},
Volume={4},
Number={4},
Pages={353--366}
}
@article{RNN,
Author = {J.T. Connor and R.D. Martin and L.E. Atlas},
Title = {Recurrent neural networks and robust time series prediction},
Journal = {IEEE Transactions on Neural Networks},
Year = {1994},
Volume={5},
Number={2},
Pages={240--254}
}
@article{RNNBusPredictions,
Author = {Junbiao Pang  and Jing Huang and Yong Du and Haitao Yu and Qingming Huang and Baocai Yin},
Title = {Learning to Predict Bus Arrival Time From Heterogeneous Measurements via Recurrent Neural Network},
Journal = {IEEE Transactions on Intelligent Transportation Systems},
Year = {2018},
Pages={1--11}
}
@article{kalmanANN,
Author = {Cong Bai and Zhong-Ren Peng and Qing-Chang Lu and Jian Sun},
Title = {Dynamic Bus Travel Time Prediction Models on Road with Multiple Bus Routes},
Journal = {Computational Intelligence and Neuroscience},
Year = {2015},
Volume={2015, Article ID 432389}
}
@inproceedings{kalmanPrediction,
 author = {Jiann-Shiou Yang},
 title = {Travel time prediction using the GPS test vehicle and Kalman filtering techniques},
 booktitle = {Proceedings of the 2005, American Control Conference},
 series = {ACC '05},
 year = {2005},
 publisher = {IEEE},
 address = {Portland, OR, USA},
} 

@inproceedings{malaysiaANN,
 author = {Mansur As and Tsunenori Mine},
 title = {Dynamic Bus Travel Time Prediction Using an ANN-based Model},
 booktitle = {Proceedings of the 12th International Conference on Ubiquitous Information Management and Communication},
 series = {IMCOM '18},
 year = {2018},
 publisher = {ACM},
 address = {New York, NY, USA},
} 

@book{Goodfellow-et-al-2016,
    title={Deep Learning},
    author={Ian Goodfellow and Yoshua Bengio and Aaron Courville},
    publisher={MIT Press},
    note={\url{http://www.deeplearningbook.org}},
    year={2016}
}

@book{Bishop-2006,
    title={Pattern Recognition and Machine Learning},
    author={Christopher Bishop},
    publisher={Springer},
    year={2006}
}

@book{Rasmussen-Williams-2006,
    title={Gaussian Processes for Machine Learning},
    author={Carl Rasmussen and Christopher Williams},
    publisher={MIT Press},
    year={2006}
}

@inproceedings{pmlr-v15-glorot11a,
  title = 	 {Deep Sparse Rectifier Neural Networks},
  author = 	 {Xavier Glorot and Antoine Bordes and Yoshua Bengio},
  booktitle = 	 {Proceedings of the Fourteenth International Conference on Artificial Intelligence and Statistics},
  pages = 	 {315--323},
  year = 	 {2011},
  editor = 	 {Geoffrey Gordon and David Dunson and Miroslav Dud√≠k},
  volume = 	 {15},
  series = 	 {Proceedings of Machine Learning Research},
  address = 	 {Fort Lauderdale, FL, USA},
  month = 	 {11--13 Apr},
  publisher = 	 {PMLR},
  pdf = 	 {http://proceedings.mlr.press/v15/glorot11a/glorot11a.pdf},
  url = 	 {http://proceedings.mlr.press/v15/glorot11a.html},
}

@inproceedings{ImageNet,
 author = {Krizhevsky, Alex and Sutskever, Ilya and Hinton, Geoffrey E.},
 title = {ImageNet Classification with Deep Convolutional Neural Networks},
 booktitle = {Proceedings of the 25th International Conference on Neural Information Processing Systems - Volume 1},
 series = {NIPS'12},
 year = {2012},
 location = {Lake Tahoe, Nevada},
 pages = {1097--1105},
 numpages = {9},
 url = {http://dl.acm.org/citation.cfm?id=2999134.2999257},
 acmid = {2999257},
 publisher = {Curran Associates Inc.},
 address = {USA},
} 

@book{Demuth,
 author = {Demuth, Howard B. and Beale, Mark H. and De Jess, Orlando and Hagan, Martin T.},
 title = {Neural Network Design},
 year = {2014},
 isbn = {0971732116, 9780971732117},
 edition = {2nd},
 publisher = {Martin Hagan},
 address = {USA},
} 

@article{kotter2004risks,
	title={Risks and opportunities of urbanisation and megacities},
	author={K{\"o}tter, Theo},
	journal={Proceedings of the FIG Working Week, Athens, Greece, http://www. fig. net/pub/athens/papers/ps02/ps02\_2\_kotter. pdf},
	year={2004}
}

@article{Kim2011Nov,
	author = {Kim, Kihwan and Lee, Dongryeol and Essa, Irfan},
	title = {{Gaussian process regression flow for analysis of motion trajectories}},
	journal = {2011 International Conference on Computer Vision},
	pages = {1164--1171},
	year = {2011},
	month = {Nov},
	issn = {2380-7504},
	publisher = {IEEE},
	doi = {10.1109/ICCV.2011.6126365}
}
@article{Mohanty2016Jul,
	author = {Mohanty, Saraju P. and Choppali, Uma and Kougianos, Elias},
	title = {Everything you wanted to know about smart cities: The Internet of things is the backbone},
	journal = {IEEE Consum. Electron. Mag.},
	volume = {5},
	number = {3},
	pages = {60--70},
	year = {2016},
	month = {Jul},
	issn = {2162-2248},
	publisher = {IEEE},
	doi = {10.1109/MCE.2016.2556879}
}

@article{kim2017probabilistic,
  title={Probabilistic vehicle trajectory prediction over occupancy grid map via recurrent neural network},
  author={Kim, ByeoungDo and Kang, Chang Mook and Lee, Seung Hi and Chae, Hyunmin and Kim, Jaekyum and Chung, Chung Choo and Choi, Jun Won},
  journal={arXiv preprint arXiv:1704.07049},
  year={2017}
}

@article{kondepudi2014smart,
  title={Smart sustainable cities analysis of definitions},
  author={Kondepudi, SN and Ramanarayanan, V and Jain, A and Singh, GN and Nitin Agarwal, NK and Kumar, R and Singh, R and Bergmark, P and Hashitani, T and Gemma, P and others},
  journal={The ITU-T focus group for smart sustainable cities},
  year={2014}
}

@article{pang2018learning,
  title={Learning to Predict Bus Arrival Time From Heterogeneous Measurements via Recurrent Neural Network},
  author={Pang, Junbiao and Huang, Jing and Du, Yong and Yu, Haitao and Huang, Qingming and Yin, Baocai},
  journal={IEEE Transactions on Intelligent Transportation Systems},
  year={2018},
  publisher={IEEE}
}

@article{gru-outperform-lstm,
	author = {Chung, Junyoung and Gulcehre, Caglar and Cho, KyungHyun and Bengio, Yoshua},
	title = {{Empirical Evaluation of Gated Recurrent Neural Networks on Sequence Modeling}},
	journal = {arXiv},
	year = {2014},
	month = {Dec},
	eprint = {1412.3555},
	url = {https://arxiv.org/abs/1412.3555}
}

@book{bishop2006,
 author = {Bishop, Christopher M.},
 title = {Pattern Recognition and Machine Learning (Information Science and Statistics)},
 year = {2006},
 isbn = {0387310738},
 publisher = {Springer-Verlag},
 address = {Berlin, Heidelberg},
}

@inproceedings{graves2013speech,
  title={Speech recognition with deep recurrent neural networks},
  author={Graves, Alex and Mohamed, Abdel-rahman and Hinton, Geoffrey},
  booktitle={Acoustics, speech and signal processing (icassp), 2013 ieee international conference on},
  pages={6645--6649},
  year={2013},
  organization={IEEE}
} 

@inproceedings{graves2014towards,
 author = {Graves, Alex and Jaitly, Navdeep},
 title = {Towards End-to-end Speech Recognition with Recurrent Neural Networks},
 booktitle = {Proceedings of the 31st International Conference on International Conference on Machine Learning - Volume 32},
 series = {ICML'14},
 year = {2014},
 location = {Beijing, China},
 pages = {II-1764--II-1772},
 url = {http://dl.acm.org/citation.cfm?id=3044805.3045089},
 acmid = {3045089},
 publisher = {JMLR.org}
} 

@inproceedings{sutskever2014sequence,
  title={Sequence to sequence learning with neural networks},
  author={Sutskever, Ilya and Vinyals, Oriol and Le, Quoc V},
  booktitle={Advances in neural information processing systems},
  pages={3104--3112},
  year={2014}
}

@article{zaytar2016sequence,
  title={Sequence to sequence weather forecasting with long short term memory recurrent neural networks},
  author={Zaytar, Mohamed Akram and El Amrani, Chaker},
  journal={Int J Comput Appl},
  volume={143},
  number={11},
  year={2016}
}

@inproceedings{balluff2015short,
  title={Short term wind and energy prediction for offshore wind farms using neural networks},
  author={Balluff, Stefan and Bendfeld, J{\"o}rg and Krauter, Stefan},
  booktitle={Renewable Energy Research and Applications (ICRERA), 2015 International Conference on},
  pages={379--382},
  year={2015},
  organization={IEEE}
}

@article{hochreiter1997long,
  title={Long short-term memory},
  author={Hochreiter, Sepp and Schmidhuber, J{\"u}rgen},
  journal={Neural computation},
  volume={9},
  number={8},
  pages={1735--1780},
  year={1997},
  publisher={MIT Press}
}

@article{cho2014learning,
  title={Learning phrase representations using RNN encoder-decoder for statistical machine translation},
  author={Cho, Kyunghyun and Van Merri{\"e}nboer, Bart and Gulcehre, Caglar and Bahdanau, Dzmitry and Bougares, Fethi and Schwenk, Holger and Bengio, Yoshua},
  journal={arXiv preprint arXiv:1406.1078},
  year={2014}
}

@book{goodfellow2016deep,
    title={Deep Learning},
    author={Ian Goodfellow and Yoshua Bengio and Aaron Courville},
    publisher={MIT Press},
    note={\url{http://www.deeplearningbook.org}},
    year={2016}
}

@article{lin1999experimental,
  title={Experimental study of real-time bus arrival time prediction with GPS data},
  author={Lin, Wei-Hua and Zeng, Jian},
  journal={Transportation Research Record: Journal of the Transportation Research Board},
  number={1666},
  pages={101--109},
  year={1999},
  publisher={Transportation Research Board of the National Academies}
}

@article{sun2007predicting,
  title={Predicting bus arrival time on the basis of global positioning system data},
  author={Sun, Dihua and Luo, Hong and Fu, Liping and Liu, Weining and Liao, Xiaoyong and Zhao, Min},
  journal={Transportation Research Record: Journal of the Transportation Research Board},
  number={2034},
  pages={62--72},
  year={2007},
  publisher={Transportation Research Board of the National Academies}
}

@article{hellinga2008decomposing,
  title={Decomposing travel times measured by probe-based traffic monitoring systems to individual road segments},
  author={Hellinga, Bruce and Izadpanah, Pedram and Takada, Hiroyuki and Fu, Liping},
  journal={Transportation Research Part C: Emerging Technologies},
  volume={16},
  number={6},
  pages={768--782},
  year={2008},
  publisher={Elsevier}
}

@article{zheng2013urban,
  title={Urban link travel time estimation based on sparse probe vehicle data},
  author={Zheng, Fangfang and Van Zuylen, Henk},
  journal={Transportation Research Part C: Emerging Technologies},
  volume={31},
  pages={145--157},
  year={2013},
  publisher={Elsevier}
}


@book{Nguyen2018Jun,
	author = {Nguyen, Duc-Duy and Van, Chan Le and Ali, Muhammad Intizar},
	title = {Vessel Destination and Arrival Time Prediction with Sequence-to-Sequence Models over Spatial Grid},
	year = {2018},
	month = {Jun},
	isbn = {978-1-4503-5782-1},
	publisher = {ACM},
	doi = {10.1145/3210284.3220507}
}
 
@article{hyndman2006another,
  title={Another look at measures of forecast accuracy},
  author={Hyndman, Rob J and Koehler, Anne B},
  journal={International journal of forecasting},
  volume={22},
  number={4},
  pages={679--688},
  year={2006},
  publisher={Elsevier}
}
                  
@article{Suzuki2007Oct,
	author = {Suzuki, Naohiko and Hirasawa, Kosuke and Tanaka, Kenichi and Kobayashi, Yoshinori and Sato, Yoichi and Fujino, Yozo},
	title = {{Learning motion patterns and anomaly detection by Human trajectory analysis}},
	journal = {2007 IEEE International Conference on Systems, Man and Cybernetics},
	pages = {498--503},
	year = {2007},
	month = {Oct},
	issn = {1062-922X},
	publisher = {IEEE},
	doi = {10.1109/ICSMC.2007.4413596}
}
@article{Morris2013Sep,
	author = {Morris, Brendan Tran},
	title = {{Understanding vehicular traffic behavior from video: a survey of unsupervised approaches}},
	journal = {J. Electron. Imaging},
	volume = {22},
	number = {4},
	pages = {1113},
	year = {2013},
	month = {Sep},
	issn = {1017-9909},
	doi = {10.1117/1.JEI.22.4.041113}
}
@article{Morris2008Sep,
	author = {Morris, Brendan T. and Trivedi, Mohan M.},
	title = {{Learning and Classification of Trajectories in Dynamic Scenes: A General Framework for Live Video Analysis}},
	journal = {2008 IEEE Fifth International Conference on Advanced Video and Signal Based Surveillance},
	pages = {154--161},
	year = {2008},
	month = {Sep},
	publisher = {IEEE},
	doi = {10.1109/AVSS.2008.65}
}
@article{Campo2017Aug,
	author = {Campo, Damian and Baydoun, Mohamad and Marcenaro, Lucio and Cavallaro, Andrea and Regazzoni, Carlo S.},
	title = {{Modeling and classification of trajectories based on a Gaussian process decomposition into discrete components}},
	journal = {2017 14th IEEE International Conference on Advanced Video and Signal Based Surveillance (AVSS)},
	pages = {1--6},
	year = {2017},
	month = {Aug},
	publisher = {IEEE},
	doi = {10.1109/AVSS.2017.8078495}
}
@article{Tiger2015Jul,
	author = {Tiger, Mattias and Heintz, Fredrik},
	title = {{Online sparse Gaussian process regression for trajectory modeling}},
	journal = {2015 18th International Conference on Information Fusion (Fusion)},
	pages = {782--791},
	year = {2015},
	month = {Jul},
	publisher = {IEEE},
	url = {https://ieeexplore.ieee.org/abstract/document/7266640/citations?tabFilter=papers#citations}
}
@article{Tang2018Aug,
	author = {Tang, Jingren and Cheng, Hong and Zhao, Yang and Guo, Hongliang},
	title = {{Structured dynamic time warping for continuous hand trajectory gesture recognition}},
	journal = {Pattern Recognit.},
	volume = {80},
	pages = {21--31},
	year = {2018},
	month = {Aug},
	issn = {0031-3203},
	publisher = {Pergamon},
	doi = {10.1016/j.patcog.2018.02.011}
}
@article{Wang2011,
	author = {Wang, Xiaogang},
	title = {{Action Recognition Using Topic Models}},
	journal = {SpringerLink},
	pages = {311--332},
	year = {2011},
	publisher = {Springer, London},
	doi = {10.1007/978-0-85729-997-0_16}
}
@book{Vlachos2002Feb,
	author = {Vlachos, M. and Kollios, G. and Gunopulos, D.},
	title = {{Discovering similar multidimensional trajectories}},
	journal = {Proceedings 18th International Conference on Data Engineering},
	year = {2002},
	month = {Feb},
	issn = {1063-6382},
	publisher = {IEEE},
	doi = {10.1109/ICDE.2002.994784}
}
@book{Tran2014Jun,
	author = {Tran, Quan and Firl, Jonas},
	title = {{Online maneuver recognition and multimodal trajectory prediction for intersection assistance using non-parametric regression}},
	journal = {2014 IEEE Intelligent Vehicles Symposium Proceedings},
	year = {2014},
	month = {Jun},
	issn = {1931-0587},
	publisher = {IEEE},
	doi = {10.1109/IVS.2014.6856480}
}
@book{Pimentel2013Sep,
	author = {Pimentel, Marco A. F. and Clifton, David A. and Tarassenko, Lionel},
	title = {{Gaussian process clustering for the functional characterisation of vital-sign trajectories}},
	journal = {2013 IEEE International Workshop on Machine Learning for Signal Processing (MLSP)},
	year = {2013},
	month = {Sep},
	issn = {1551-2541},
	publisher = {IEEE},
	doi = {10.1109/MLSP.2013.6661947}
}
@article{Leysen2016Sep,
	author = {Leysen, Christiaan and Verbeke, Mathias and Dagnely, Pierre and Meert, Wannes},
	title = {{Energy consumption profiling using Gaussian processes}},
	journal = {2016 IEEE 8th International Conference on Intelligent Systems (IS)},
	pages = {470--477},
	year = {2016},
	month = {Sep},
	publisher = {IEEE},
	doi = {10.1109/IS.2016.7737463}
}
@book{Zhang2006Aug,
	author = {Zhang, Zhang and Huang, Kaiqi and Tan, Tieniu},
	title = {{Comparison of Similarity Measures for Trajectory Clustering in Outdoor Surveillance Scenes}},
	journal = {18th International Conference on Pattern Recognition (ICPR'06)},
	volume = {3},
	year = {2006},
	month = {Aug},
	issn = {1051-4651},
	doi = {10.1109/ICPR.2006.392}
}
@article{Goli2018Jun,
	author = {Goli, Sepideh Afkhami and Far, Behrouz H. and Fapojuwo, Abraham O.},
	title = {{Vehicle Trajectory Prediction with Gaussian Process Regression in Connected Vehicle Environment$\star$}},
	journal = {2018 IEEE Intelligent Vehicles Symposium (IV)},
	pages = {550--555},
	year = {2018},
	month = {Jun},
	issn = {1931-0587},
	publisher = {IEEE},
	doi = {10.1109/IVS.2018.8500614}
}
@article{Wang2008Jun,
	author = {Wang, Xiaogang and Ma, Keng Teck and Ng, Gee-Wah and Grimson, W. Eric L.},
	title = {{Trajectory analysis and semantic region modeling using a nonparametric Bayesian model}},
	journal = {2008 IEEE Conference on Computer Vision and Pattern Recognition},
	pages = {1--8},
	year = {2008},
	month = {Jun},
	issn = {1063-6919},
	publisher = {IEEE},
	doi = {10.1109/CVPR.2008.4587718}
}
@inproceedings{teh2005sharing,
  title={Sharing clusters among related groups: Hierarchical Dirichlet processes},
  author={Teh, Yee W and Jordan, Michael I and Beal, Matthew J and Blei, David M},
  booktitle={Advances in neural information processing systems},
  pages={1385--1392},
  year={2005}
}
@article{Zou2016Apr,
	author = {Zou, Jialing and Ye, Qixiang and Cui, Yanting and Wan, Fang and Fu, Kun and Jiao, Jianbin},
	title = {{Collective motion pattern inference via Locally Consistent Latent Dirichlet Allocation}},
	journal = {Neurocomputing},
	volume = {184},
	pages = {221--231},
	year = {2016},
	month = {Apr},
	issn = {0925-2312},
	publisher = {Elsevier},
	doi = {10.1016/j.neucom.2015.08.108}
}
@article{Zhou2011Jun,
	author = {Zhou, Bolei and Wang, Xiaogang and Tang, Xiaoou},
	title = {{Random field topic model for semantic region analysis in crowded scenes from tracklets}},
	journal = {CVPR 2011},
	pages = {3441--3448},
	year = {2011},
	month = {Jun},
	issn = {1063-6919},
	publisher = {IEEE},
	doi = {10.1109/CVPR.2011.5995459}
}
@article{Sinn2012Sep,
	author = {Sinn, Mathieu and Yoon, Ji Won and Calabrese, Francesco and Bouillet, Eric},
	title = {{Predicting arrival times of buses using real-time GPS measurements}},
	journal = {2012 15th International IEEE Conference on Intelligent Transportation Systems},
	pages = {1227--1232},
	year = {2012},
	month = {Sep},
	issn = {2153-0017},
	publisher = {IEEE},
	doi = {10.1109/ITSC.2012.6338767}
}
@article{Gurmu2014,
	author = {Gurmu, Zegeye Kebede and Fan, Wei (David)},
	title = {{Artificial Neural Network Travel Time Prediction Model for Buses Using Only GPS Data}},
	journal = {Scholar Commons},
	volume = {17},
	number = {2},
	pages = {3},
	year = {2014},
	doi = {10.5038/2375-0901.17.2.3}
}
@article{Tiger2018Jun,
	author = {Tiger, Mattias and Heintz, Fredrik},
	title = {{Gaussian Process Based Motion Pattern Recognition with Sequential Local Models}},
	journal = {2018 IEEE Intelligent Vehicles Symposium (IV)},
	pages = {1143--1149},
	year = {2018},
	month = {Jun},
	issn = {1931-0587},
	publisher = {IEEE},
	doi = {10.1109/IVS.2018.8500676}
}
@article{duvenaud2013structure,
  title={Structure discovery in nonparametric regression through compositional kernel search},
  author={Duvenaud, David and Lloyd, James Robert and Grosse, Roger and Tenenbaum, Joshua B and Ghahramani, Zoubin},
  journal={arXiv preprint arXiv:1302.4922},
  year={2013}
}
@book{Wang2013Jan,
	author = {Wang, Haozhou and Su, Han and Zheng, Kai and Sadiq, Shazia and Zhou, Xiaofang},
	title = {{An effectiveness study on trajectory similarity measures}},
	year = {2013},
	month = {Jan},
	isbn = {978-1-921770-22-7},
	publisher = {Australian Computer Society, Inc.},
	url = {http://dl.acm.org/citation.cfm?id=2525416.2525418}
}
@article{smith1997scientist,
  title={The scientist and engineer's guide to digital signal processing},
  author={Smith, Steven W and others},
  year={1997},
  publisher={California Technical Pub. San Diego}
}
@book{cai2011unmanned,
  title={Unmanned rotorcraft systems},
  author={Cai, Guowei and Chen, Ben M and Lee, Tong Heng},
  year={2011},
  publisher={Springer Science \& Business Media}
}
@book{snyder1989album,
  title={An album of map projections},
  author={Snyder, John Parr and Voxland, Philip M},
  number={1453},
  year={1989},
  publisher={US Government Printing Office}
}

@article{willmott2005advantages,
  title={Advantages of the mean absolute error (MAE) over the root mean square error (RMSE) in assessing average model performance},
  author={Willmott, Cort J and Matsuura, Kenji},
  journal={Climate research},
  volume={30},
  number={1},
  pages={79--82},
  year={2005}
}

@article{Armstrong1992Jun,
	author = {Armstrong, J. Scott and Collopy, Fred},
	title = {{Error measures for generalizing about forecasting methods: Empirical comparisons}},
	journal = {International Journal of Forecasting},
	volume = {8},
	number = {1},
	pages = {69--80},
	year = {1992},
	month = {Jun},
	issn = {0169-2070},
	publisher = {Elsevier},
	doi = {10.1016/0169-2070(92)90008-W}
}
                  
@article{Morey2016Feb,
	author = {Morey, Richard D. and Hoekstra, Rink and Rouder, Jeffrey N. and Lee, Michael D. and Wagenmakers, Eric-Jan},
	title = {{The fallacy of placing confidence in confidence intervals}},
	journal = {Psychon. Bull. Rev.},
	volume = {23},
	number = {1},
	pages = {103--123},
	year = {2016},
	month = {Feb},
	issn = {1069-9384},
	publisher = {Springer US},
	doi = {10.3758/s13423-015-0947-8}
}

@Misc{gpy2014,
  author =   {{GPy}},
  title =    {{GPy}: A Gaussian process framework in python},
  howpublished = {\url{http://github.com/SheffieldML/GPy}},
  year = {since 2012}
}
                  
@misc{BibEntry2019Feb,
	title = {{PostgreSQL: The world's most advanced open source database}},
	year = {2019},
	month = {Feb},
	note = {[Online; accessed 21. Feb. 2019]},
	url = {https://www.postgresql.org}
}
@inproceedings{titsias2009variational,
  title={Variational learning of inducing variables in sparse Gaussian processes},
  author={Titsias, Michalis},
  booktitle={Artificial Intelligence and Statistics},
  pages={567--574},
  year={2009}
}

@book{fletcher2013practical,
  title={Practical methods of optimization},
  author={Fletcher, Roger},
  year={2013},
  publisher={John Wiley \& Sons}
}
